@article{paper,
author={name},
title="{title}",
journal={J. Phys. Conf. Ser.},
volume={67},
number={},
 pages={23},
 year={2007}
 }
 %%% ARTICLES %%%%%%%%%%%%%%%%%%%%%%%%%%%%%%%%%%%%%%%%%%%%%%%%%%%%%%%%%%%%
@ARTICLE {Reconstruction10,
    author  = "Theo Moons and 	Luc Van Gool and Maarten Vergauwen",
    title   = "{3D Reconstruction from Multiple Images}",
    journal = "Foundations and Trends",
    year    = "2010",
    month  = "Apr",
    volume  = "4",
    number  = "4",
    pages   = "287 - 404",
}

@article{CourseNotes,
author={B. Curless and S. Seitz},
title="{3D Photography}",
journal={ACM Siggraph},
volume={Course Notes},
number={19},
 pages={page 23},
 year={2000},
 }

@article{TimeOfFlight,
author={Larry Li},
title="{Time-of-Flight Camera -- An Introduction}",
journal={Texas Instruments Technical White Paper},
volume={SLOA190B},
 year={2012},
 }
  
@ARTICLE{Liu:10, 
	author  = "Kai Liu and Yongchang Wang and Daniel L. Lau and Qi Hao and Laurence G. Hassebrook", 
	journal  = "Opt. Express", 
	keywords  = "Three-dimensional image acquisition; Range finding; Three-dimensional sensing; Machine vision optics ; Algorithms",
	number  = "5", 
	pages  = "5229--5244", 
	publisher  = "OSA",
	title  = "Dual-frequency pattern scheme for high-speed 3-D shape measurement", 
	volume  = "18", 
	month  = "Mar",
	year  = "2010",
	url  = "http://www.opticsexpress.org/abstract.cfm?URI=oe-18-5-5229",
	doi  = "10.1364/OE.18.005229",
}

@ARTICLE{Wang10, 
	author  = "Yongchang Wang and Kai Liu and Daniel L. Lau and Qi Hao and Laurence G. Hassebrook", 
	journal  = "J. Opt. Soc. Am. A", 
	keywords  = "Three-dimensional image acquisition; Range finding; Three-dimensional sensing; Illumination design ; Illumination design",
	number  = "9", 
	pages  = "1962--1971", 
	publisher  = "OSA",
	title  = "Maximum SNR pattern strategy for phase shifting methods in structured light illumination", 
	volume  = "27", 
	year  = "2010", 
	url  = "http://josaa.osa.org/abstract.cfm?URI=josaa-27-9-1962", 
	doi  = "10.1364/JOSAA.27.001962",
}

@ARTICLE{Song06, 
	title  = "{Novel Method for Structured Light System Calibration}", 
	author  = "Song Zhang and Peisen S. Huang", 
	journal  = "{Optical Engineering}", 
	volume  = "8", 
	number  = "45", 
	month  = "Aug",
	year  = "2006",
}

@ARTICLE{Optical05, 
	title  = "{Tutorial: Computing 2D and 3D Optical Flow}", 
	author  = "J.L.Barron and N.A.Thacker", 
	journal  = "{TINA Memos}", 
	number  = "2004-012", 
	url  = "http://www.tina-vision.net", 
 	month  = "Jan",
	year  = "2005", 
}

@ARTICLE{opticalFlow95, 
	title  = "{The Computation of Optical Flow}", 
	author  = "S. S. Beauchemin and J. L. Barron", 
	journal  = "{ACM Computing Surveys (CSUR)}", 
	volume  = "27", 
	number  = "3", 
 	month  = "Sep",
	year  = "1995", 
}

@ARTICLE{Cypress15, 
	title  = "{BLE Protocol}", 
	author  = "Krishnaprasad M V (KRIS)", 
	journal  = "{Cypress Application}", 
	number  = "AN91267", 
 	month  = "Oct",
	year  = "2015", 
}

@article{Krystof12,
  author = "Krystof Litomisky",
   title = "{Consumer RGB-D Cameras and their Applications.   University of California, Riverside}",
  school = "{University of California, Riverside}",
    year = {2012},
}
  


@article{Patent3Dprinting86,
  author = "C. W. Hull",
  title  =     "{“Apparatus for production of three-dimensional objects by stereolithography,”}",
  journal = "{US Patent US4575330 A}",
 month = "Mar",
  year =         "1986",
}

@article{Tsai1987,
  author = "R. Tsai",
   title = "{A versatile camera calibration technique for high-accuracy 3D machine vision metrology using off-the-shelf TV cameras and lenses}",
	journal  = "{IEEE Journal on Robotics and Automation}", 
	volume  = "3", 
	number  = "4", 
 	month  = "Aug",
	year  = "1987", 
}

@article{selfCalibration2_1997,
  author = "Q.-T. Luong and O.D. Faugeras",
   title = "{Self-Calibration of a Moving Camera from Point Correspondences and Fundamental Matrices}",
	journal  = "{International Journal of Computer Vision}", 
	volume  = "22", 
	number  = "3", 
 	month  = "Mar",
	year  = "1997", 
}

@article{selfCalibration3_1992,
  author = "Stephen J. Maybank and Olivier D. Faugeras",
   title = "{A theory of self-calibration of a moving camera}",
	journal  = "{International Journal of Computer Vision}", 
	volume  = "8", 
	number  = "2", 
 	month  = "Aug",
	year  = "1992", 
}

@article{twoDcalibration3_2015,
  author = "Hamid Bazargani",
   title = "{Camera calibration and pose estimation from planes}",
	journal  = "{IEEE Instrumentation \& Measurement Magazine}", 
	volume  = "18", 
	number  = "6", 
 	month  = "Dec",
	year  = "2015", 
}

@article{treeDcalibration1_1993,
  author = "Olivier Faugeras",
   title = "{Three-Dimensional Computer Vision}",
	journal  = "{MIT Press}", 
 	month  = "Nov",
	year  = "1993", 
}

@article{Zhengyou04,
  author =       "Zhengyou Zhang",
  title =        "{Camera Calibration}. ({Chapter 2})",
  journal =      "{Emergin Topics in Computer Vision}",
  year =         "2004",
}

@article{zhangCalibration1_2004,
  author = "Zhengyou Zhang",
   title = "{Camera calibration with one-dimensional objects}",
	journal  = "{IEEE Transactions on Pattern Analysis and Machine Intelligence}", 
 	volume  = "26", 
	number  = "7", 
	month  = "Jul",
	year  = "2004", 
	doi  = "10.1109/TPAMI.2004.21",
}

@article{zhangCalibration2_2000,
  author = "Zhengyou Zhang",
   title = "{A flexible new technique for camera calibration}",
	journal  = "{IEEE Transactions on Pattern Analysis and Machine Intelligence}", 
 	volume  = "22", 
	number  = "11", 
	month  = "Nov",
	year  = "2000", 
	doi  = "10.1109/34.888718",
}

@article{distortion1_1992,
  author = "J. Weng and P. Cohen and M. Herniou",
   title = "{Camera calibration with distortion models and accuracy evaluation}",
	journal  = "{IEEE Transactions on Pattern Analysis and Machine Intelligence}", 
 	volume  = "14", 
	number  = "10", 
	month  = "Oct",
	year  = "1992", 
	doi  = "10.1109/34.159901",
}

@article{distortion2_1966,
  author = "Brown, Duane C",
   title = "{Decentering Distortion of Lenses}",
	journal  = "{Photogrammetric Engineering}", 
 	volume  = "32", 
	number  = "3", 
	month  = "May",
	year  = "1966", 
}

@article{distortionMeasurement_2012,
  author = "Z. Tang and R. Grompone von Gioi and P. Monasse and J.M. Morel",
   title = "{High-precision Camera Distortion Measurements with a "Calibration Harp"}",
	journal  = "{Computer Vision and Pattern Recognition}", 
 	volume  = "29", 
	number  = "10", 
	month  = "Dec",
	year  = "2012", 
}

%%% CONFERENCES %%%%%%%%%%%%%%%%%%%%%%%%%%%%%%%%%%%%%%%%%%%%%%%%%%%%%%%%%
@conference{threeDExample_2014,
   author = "Mattia Mercante",
    title = "{Tutorial: Scanning Without Panels}",
booktitle = "DAVID-Wiki",
      month = "Jun",
      year = {2014},
}

@article{twoDcalibration2_2011,
  author = "Zhengdong Zhang",
   title = "{Camera calibration with lens distortion from low-rank textures}",
	booktitle  = "{Computer Vision and Pattern Recognition (CVPR)}", 
 	month  = "Jun",
	year  = "2011", 
	doi  = "10.1109/CVPR.2011.5995548",
}

@article{twoDcalibration1_1999,
  author = "P. F. Sturm and S. J. Maybank",
   title = "{On plane-based camera calibration: A general algorithm, singularities, applications}",
	booktitle  = "{Computer Vision and Pattern Recognition}", 
 	month  = "Jun",
	year  = "1999", 
	doi  = "10.1109/CVPR.1999.786974",
}

@article{oneDcalibration2_2008,
  author = "Zijian Zhao",
   title = "{Practical multi-camera calibration algorithm with 1D objects for virtual environments}",
	booktitle  = "{IEEE International Conference on Multimedia and Expo}", 
 	month  = "Apr",
	year  = "2008", 
	doi  = "10.1109/ICME.2008.4607655",
}

@article{oneDcalibration1_2006,
  author = "Xiangjian He",
   title = "{Estimation of Internal and External Parameters for Camera Calibration Using 1D Pattern}",
	booktitle  = "{IEEE International Conference on Video and Signal Based Surveillance}", 
 	month  = "Nov",
	year  = "2006", 
	doi  = "10.1109/AVSS.2006.48",
}

@article{selfCalibration1_1994,
  author = "R. I. Hartley",
   title = "{An algorithm for self calibration from several views}",
	booktitle  = "{IEEE Computer Society Conference}", 
 	month  = "Jun",
	year  = "1994", 
	doi  = "10.1109/CVPR.1994.323923",
}

@conference{depthOverview12,
   author = "Yunxin Duan and Hui Deng and Feng Wang",
    title = "{Depth Camera in Human-Computer Interaction: An Overview}",
booktitle = "Intelligent Networks and Intelligent Systems (ICINIS), 2012 Fifth International ",
	doi  = "10.1109/ICINIS.2012.44",
     year = {2012},
}
  
@conference{gestureRecognition12,
   author = "Meenakshi Panwar",
    title = "{Hand gesture recognition based on shape parameters}",
booktitle = "2012 International Conference on Computing, Communication and Applications",
	doi  = "10.1109/ICCCA.2012.6179213",
      month = "Feb",
      year = {2012},
}

@conference{NIRGesture14,
   author = "Dan Ionescu and Viorel Suse and Cristian Gadea and Bogdan Solomon",
    title = "{A single sensor NIR depth camera for gesture control}",
booktitle = "2014 IEEE International Instrumentation and Measurement Technology Conference (I2MTC) Proceedings",
	doi  = "10.1109/I2MTC.2014.6861016",
      month = "May",
      year = {2014},
}

@conference{SL3Dfrom2D96,
   author = "P. Lavoie and D. Ionescu and E. M. Petriu",
    title = "{3-D object model recovery from 2-D images using structured light}",
booktitle = "Instrumentation and Measurement Technology Conference",
	doi  = "10.1109/IMTC.1996.507410",
      month = "Jun",
      year = {1996},
}

@conference{KinectGesture12,
   author = "Kam Lai and Janusz Konrad and Prakash Ishwar",
    title = "{A gesture-driven computer interface using Kinect}",
booktitle = "Image Analysis and Interpretation (SSIAI)",
	doi  = "10.1109/SSIAI.2012.6202484",
      month = "Apr",
      year = {2012},
}

@conference{gestureKinect14,
   author = "Xinshuang Zhao and Ahmed M. Naguib and Sukhan Lee",
    title = "{Kinect based calling gesture recognition for taking order service of elderly care robot}",
booktitle = "The 23rd IEEE International Symposium on Robot and Human Interactive Communication",
	doi  = "10.1109/ROMAN.2014.6926306",
      month = "Aug",
      year = {2014},
}

@conference{3DPrintingFrom3DSensing13,
   author = "Nadia Figueroa and Haiwei Dong and Abdulmotaleb El Saddik",
    title = "{From Sense to Print: Towards Automatic 3D Printing from 3D Sensing Devices}",
booktitle = "2013 IEEE International Conference on Systems, Man, and Cybernetics",
	doi  = "10.1109/SMC.2013.833",
      month = "Oct",
      year = {2013},
}

    
@conference{3DModelingForPrinting15,
   author = "Ammar Hattab and Gabriel Taubin",
    title = "{3D Modeling by Scanning Physical Modifications}",
booktitle = "2015 28th SIBGRAPI Conference on Graphics, Patterns and Images",
	doi  = "10.1109/SIBGRAPI.2015.8",
      month = "Aug",
      year = {2015},
}


%%% PROCEEDINGS %%%%%%%%%%%%%%%%%%%%%%%%%%%%%%%%%%%%%%%%%%%%%%%%%%%%%%%%%
     
@inproceedings{GMP81,
   author = "Mark Goresky and Robert MacPherson",
    title = "On the topology of complex algebraic maps",
booktitle = "Algebraic Geometry Proceedings, La R\'abida,
             Lecture Notes in Mathematics",
   number = 961,
     year = {1981},
}    
     
@PROCEEDINGS {Computer03,
    title     = "Computer Vision 2003. Proceedings. Ninth IEEE International Conference on Date 13-16 Oct. 2003",
    year      = "2003",
    address   = "Nice, France",
    month     = "oct",
    ISBN = {0-7695-1950-4},
    publisher = "IEEE",
}

@INPROCEEDINGS {Bonfort:Computer03,
    author    = "Bonfort, T. and Sturm, P.",
    title     = "Voxel carving for specular surfaces",
    booktitle = "Computer Vision 2003. Proceedings. Ninth IEEE International Conference on Date 13-16 Oct. 2003",
	year      = "2003",
    volume    = "1",
    pages     = "591 - 596",
	doi 	= {10.1109/ICCV.2003.1238401},
    crossref  = "Computer03",
}

%%% THESES %%%%%%%%%%%%%%%%%%%%%%%%%%%%%%%%%%%%%%%%%%%%%%%%%%%%%%%%%%%%%%

@phdthesis{Kai10,
  author = "Kai Liu",
   title = "{Real-time 3-D Reconstruction by Means of Structured Light Illumination}",
  school = "University of Kentucky",
    year = {2010},
}

@phdthesis{treeDcalibration2_1996,
  author = "Paul Ernest Debevec",
   title = "{Modeling and Rendering Architecture from Photographs}",
  school = "University of California at Berkeley",
    year = {1996},
}








